<record><leader>00000cas a22000007a 4500</leader><controlfield tag="001">12070803</controlfield><controlfield tag="008">850523d19551962wiuwr ne      0    0eng d</controlfield><datafield ind1=" " ind2=" " tag="010"><subfield code="a">sn 85040631 </subfield></datafield><datafield ind1=" " ind2=" " tag="040"><subfield code="a">NPV</subfield><subfield code="b">eng</subfield><subfield code="c">NPV</subfield><subfield code="d">OCLCQ</subfield></datafield><datafield ind1=" " ind2=" " tag="042"><subfield code="a">msc</subfield></datafield><datafield ind1=" " ind2=" " tag="045"><subfield code="a">x5x6</subfield></datafield><datafield ind1=" " ind2=" " tag="052"><subfield code="a">4123</subfield><subfield code="b">B9</subfield></datafield><datafield ind1="0" ind2=" " tag="130"><subfield code="a">Journal of Burnett County (Grantsburg, Wis. : 1955)</subfield></datafield><datafield ind1="1" ind2="4" tag="245"><subfield code="a">The journal of Burnett County.</subfield></datafield><datafield ind1=" " ind2=" " tag="260"><subfield code="a">Grantsburg, Wis. :</subfield><subfield code="b">Journal Pub.,</subfield><subfield code="c">1955-1962.</subfield></datafield><datafield ind1=" " ind2=" " tag="300"><subfield code="a">8 v. :</subfield><subfield code="b">ill.</subfield></datafield><datafield ind1=" " ind2=" " tag="310"><subfield code="a">Weekly</subfield></datafield><datafield ind1="0" ind2=" " tag="362"><subfield code="a">Vol. 60, no. 43 (June 16, 1955)-v. 67, no. 46, (July 26, 1962) = whole no. 5804-whole no. 6170.</subfield></datafield><datafield ind1=" " ind2=" " tag="500"><subfield code="a">Editor: M. Crownhart, Jr.</subfield></datafield><datafield ind1=" " ind2=" " tag="515"><subfield code="a">Not published July 12-19, 1962.</subfield></datafield><datafield ind1=" " ind2=" " tag="530"><subfield code="a">Available on microfilm from The State Historical Society of Wisconsin.</subfield></datafield><datafield ind1=" " ind2=" " tag="752"><subfield code="a">United States</subfield><subfield code="b">Wisconsin</subfield><subfield code="c">Burnett</subfield><subfield code="d">Grantsburg.</subfield></datafield><datafield ind1="0" ind2="0" tag="780"><subfield code="t">Journal of Burnett County and the times and Burnett County enterprise</subfield><subfield code="w">(DLC)sn 85040630</subfield></datafield></record>